<?xml version="1.0" encoding="UTF-8"?>
  <record xmlns="http://www.loc.gov/MARC21/slim" type="Authority">
    <leader>00000nz  a2200000nc 4500</leader>
    <controlfield tag="001">040316165</controlfield>
    <controlfield tag="003">DE-101</controlfield>
    <controlfield tag="005">20220518192207.0</controlfield>
    <controlfield tag="008">880701n||azznnaabn           | ana    |c</controlfield>
    <datafield tag="024" ind1="7" ind2=" ">
      <subfield code="a">4031616-6</subfield>
      <subfield code="0">http://d-nb.info/gnd/4031616-6</subfield>
      <subfield code="2">gnd</subfield>
    </datafield>
    <datafield tag="024" ind1="7" ind2=" ">
      <subfield code="a">2885237</subfield>
      <subfield code="2">geonames</subfield>
    </datafield>
    <datafield tag="034" ind1=" " ind2=" ">
      <subfield code="d">E 011 58 15</subfield>
      <subfield code="e">E 011 58 15</subfield>
      <subfield code="f">N 051 45 06</subfield>
      <subfield code="g">N 051 45 06</subfield>
      <subfield code="2">geonames</subfield>
      <subfield code="0">https://sws.geonames.org/2885237</subfield>
      <subfield code="9">A:agx</subfield>
    </datafield>
    <datafield tag="034" ind1=" " ind2=" ">
      <subfield code="d">E011.970833</subfield>
      <subfield code="e">E011.970833</subfield>
      <subfield code="f">N051.751666</subfield>
      <subfield code="g">N051.751666</subfield>
      <subfield code="2">geonames</subfield>
      <subfield code="0">https://sws.geonames.org/2885237</subfield>
      <subfield code="9">A:dgx</subfield>
    </datafield>
    <datafield tag="035" ind1=" " ind2=" ">
      <subfield code="a">(DE-101)040316165</subfield>
    </datafield>
    <datafield tag="035" ind1=" " ind2=" ">
      <subfield code="a">(DE-588)4031616-6</subfield>
    </datafield>
    <datafield tag="035" ind1=" " ind2=" ">
      <subfield code="z">(DE-588)108517865X</subfield>
    </datafield>
    <datafield tag="035" ind1=" " ind2=" ">
      <subfield code="z">(DE-588)1028380-8</subfield>
    </datafield>
    <datafield tag="035" ind1=" " ind2=" ">
      <subfield code="z">(DE-588b)1028380-8</subfield>
      <subfield code="9">v:zg</subfield>
    </datafield>
    <datafield tag="035" ind1=" " ind2=" ">
      <subfield code="z">(DE-588c)4031616-6</subfield>
      <subfield code="9">v:zg</subfield>
    </datafield>
    <datafield tag="040" ind1=" " ind2=" ">
      <subfield code="a">DE-101</subfield>
      <subfield code="c">DE-101</subfield>
      <subfield code="9">r:DE-101</subfield>
      <subfield code="b">ger</subfield>
      <subfield code="d">1841</subfield>
    </datafield>
    <datafield tag="042" ind1=" " ind2=" ">
      <subfield code="a">gnd1</subfield>
    </datafield>
    <datafield tag="043" ind1=" " ind2=" ">
      <subfield code="c">XA-DE-ST</subfield>
      <subfield code="c">XA-DDDE</subfield>
    </datafield>
    <datafield tag="075" ind1=" " ind2=" ">
      <subfield code="b">g</subfield>
      <subfield code="2">gndgen</subfield>
    </datafield>
    <datafield tag="075" ind1=" " ind2=" ">
      <subfield code="b">gik</subfield>
      <subfield code="2">gndspec</subfield>
    </datafield>
    <datafield tag="079" ind1=" " ind2=" ">
      <subfield code="a">g</subfield>
      <subfield code="q">s</subfield>
      <subfield code="q">f</subfield>
      <subfield code="q">g</subfield>
      <subfield code="u">w</subfield>
      <subfield code="u">z</subfield>
      <subfield code="u">v</subfield>
      <subfield code="u">o</subfield>
    </datafield>
    <datafield tag="083" ind1="0" ind2="4">
      <subfield code="z">2</subfield>
      <subfield code="a">431862</subfield>
      <subfield code="9">t:2007-01-01</subfield>
      <subfield code="2">22/ger</subfield>
    </datafield>
    <datafield tag="151" ind1=" " ind2=" ">
      <subfield code="a">Köthen (Anhalt)</subfield>
    </datafield>
    <datafield tag="410" ind1="2" ind2=" ">
      <subfield code="a">Köthen (Anhalt)</subfield>
      <subfield code="b">Rat</subfield>
      <subfield code="4">spio</subfield>
      <subfield code="4">https://d-nb.info/standards/elementset/gnd#variantName</subfield>
      <subfield code="w">r</subfield>
      <subfield code="i">Spitzenorgan</subfield>
      <subfield code="e">Spitzenorgan</subfield>
    </datafield>
    <datafield tag="410" ind1="2" ind2=" ">
      <subfield code="a">Rat</subfield>
      <subfield code="g">Köthen (Anhalt)</subfield>
      <subfield code="4">spio</subfield>
      <subfield code="4">https://d-nb.info/standards/elementset/gnd#variantName</subfield>
      <subfield code="w">r</subfield>
      <subfield code="i">Spitzenorgan</subfield>
      <subfield code="e">Spitzenorgan</subfield>
    </datafield>
    <datafield tag="410" ind1="2" ind2=" ">
      <subfield code="a">Köthen (Anhalt)</subfield>
      <subfield code="b">Stadtverwaltung</subfield>
      <subfield code="4">spio</subfield>
      <subfield code="4">https://d-nb.info/standards/elementset/gnd#variantName</subfield>
      <subfield code="w">r</subfield>
      <subfield code="i">Spitzenorgan</subfield>
      <subfield code="e">Spitzenorgan</subfield>
    </datafield>
    <datafield tag="410" ind1="2" ind2=" ">
      <subfield code="a">Stadtverwaltung</subfield>
      <subfield code="g">Köthen (Anhalt)</subfield>
      <subfield code="4">spio</subfield>
      <subfield code="4">https://d-nb.info/standards/elementset/gnd#variantName</subfield>
      <subfield code="w">r</subfield>
      <subfield code="i">Spitzenorgan</subfield>
      <subfield code="e">Spitzenorgan</subfield>
    </datafield>
    <datafield tag="451" ind1=" " ind2=" ">
      <subfield code="a">Köthen</subfield>
      <subfield code="g">Anhalt</subfield>
    </datafield>
    <datafield tag="451" ind1=" " ind2=" ">
      <subfield code="a">Köthen (Anh.)</subfield>
      <subfield code="9">v:B 2006 2.</subfield>
    </datafield>
    <datafield tag="451" ind1=" " ind2=" ">
      <subfield code="a">Köthen/Anhalt</subfield>
      <subfield code="9">v:M</subfield>
    </datafield>
    <datafield tag="451" ind1=" " ind2=" ">
      <subfield code="a">Stadt Köthen (Anhalt)</subfield>
    </datafield>
    <datafield tag="451" ind1=" " ind2=" ">
      <subfield code="a">Cöthen</subfield>
      <subfield code="9">v:1885-1927 amtl.</subfield>
    </datafield>
    <datafield tag="451" ind1=" " ind2=" ">
      <subfield code="a">Kōtėn</subfield>
    </datafield>
    <datafield tag="451" ind1=" " ind2=" ">
      <subfield code="a">Cotha</subfield>
      <subfield code="9">v:Orbis latinus</subfield>
    </datafield>
    <datafield tag="451" ind1=" " ind2=" ">
      <subfield code="a">Cothena</subfield>
      <subfield code="9">v:Orbis latinus</subfield>
    </datafield>
    <datafield tag="451" ind1=" " ind2=" ">
      <subfield code="a">Cothenis Anhaltinorum</subfield>
      <subfield code="9">v:Vorlage</subfield>
    </datafield>
    <datafield tag="667" ind1=" " ind2=" ">
      <subfield code="a">VPe</subfield>
    </datafield>
    <datafield tag="667" ind1=" " ind2=" ">
      <subfield code="a">MMm</subfield>
    </datafield>
    <datafield tag="670" ind1=" " ind2=" ">
      <subfield code="a">Orts-Mü. 33</subfield>
    </datafield>
    <datafield tag="670" ind1=" " ind2=" ">
      <subfield code="a">GeoNames</subfield>
    </datafield>
    <datafield tag="670" ind1=" " ind2=" ">
      <subfield code="b">Stand: 10.6.2015</subfield>
      <subfield code="u">http://www.koethen-anhalt.de</subfield>
    </datafield>
    <datafield tag="678" ind1=" " ind2=" ">
      <subfield code="b">Kreisstadt des Landkreises Köthen, 1115 urkundl. erwähnt, 1313 Stadtrecht</subfield>
    </datafield>
    <datafield tag="913" ind1=" " ind2=" ">
      <subfield code="S">swd</subfield>
      <subfield code="i">g</subfield>
      <subfield code="a">Köthen &lt;Anhalt&gt;</subfield>
      <subfield code="0">(DE-588c)4031616-6</subfield>
    </datafield>
    <datafield tag="913" ind1=" " ind2=" ">
      <subfield code="S">gkd</subfield>
      <subfield code="i">a</subfield>
      <subfield code="a">Köthen</subfield>
      <subfield code="0">(DE-588b)1028380-8</subfield>
    </datafield>
  </record>
